<?xml version="1.0" encoding="UTF-8"?>
<marc:collection xmlns:marc="http://www.loc.gov/MARC21/slim" xmlns:xsi="http://www.w3.org/2001/XMLSchema-instance" xsi:schemaLocation="http://www.loc.gov/MARC21/slim http://www.loc.gov/standards/marcxml/schema/MARC21slim.xsd">
   <marc:record type="Bibliographic">
      <marc:leader>02608cam a2200505 a 4500</marc:leader>
      <marc:controlfield tag="001">950097</marc:controlfield>
      <marc:controlfield tag="003">NjP</marc:controlfield>
      <marc:controlfield tag="005">20130517084905.0</marc:controlfield>
      <marc:controlfield tag="007">hd bfb018baaa</marc:controlfield>
      <marc:controlfield tag="007">hd bfb018baba</marc:controlfield>
      <marc:controlfield tag="007">hd afb018baca</marc:controlfield>
      <marc:controlfield tag="008">950207s1888    tu      a     00  0 ara d</marc:controlfield>
      <marc:datafield tag="024" ind1="7" ind2=" ">
         <marc:subfield code="a">princeton_aco000852</marc:subfield>
         <marc:subfield code="2">local</marc:subfield>
      </marc:datafield>
      <marc:datafield tag="035" ind1=" " ind2=" ">
         <marc:subfield code="a">(OCoLC)ocn176372331</marc:subfield>
      </marc:datafield>
      <marc:datafield tag="035" ind1=" " ind2=" ">
         <marc:subfield code="a">(OCoLC)176372331</marc:subfield>
      </marc:datafield>
      <marc:datafield tag="035" ind1=" " ind2=" ">
         <marc:subfield code="a">(CStRLIN)NJPG95-B9344</marc:subfield>
      </marc:datafield>
      <marc:datafield tag="035" ind1=" " ind2=" ">
         <marc:subfield code="9">CBQ4220TS</marc:subfield>
      </marc:datafield>
      <marc:datafield tag="035" ind1=" " ind2=" ">
         <marc:subfield code="a">(NjP)950097</marc:subfield>
      </marc:datafield>
      <marc:datafield tag="040" ind1=" " ind2=" ">
         <marc:subfield code="a">NjP</marc:subfield>
         <marc:subfield code="c">PUL</marc:subfield>
         <marc:subfield code="d">PUL</marc:subfield>
      </marc:datafield>
      <marc:datafield tag="049" ind1=" " ind2=" ">
         <marc:subfield code="a">PULL</marc:subfield>
      </marc:datafield>
      <marc:datafield tag="079" ind1=" " ind2=" ">
         <marc:subfield code="a">ocm78115184</marc:subfield>
         <marc:subfield code="z">ocm32011046</marc:subfield>
      </marc:datafield>
      <marc:datafield tag="100" ind1="1" ind2=" ">
         <marc:subfield code="6">880-01</marc:subfield>
         <marc:subfield code="a">Shaykhʹzādah, Muḥammad ibn Muṣṭafá,</marc:subfield>
         <marc:subfield code="d">-1544 or 1545.</marc:subfield>
      </marc:datafield>
      <marc:datafield tag="240" ind1="1" ind2="0">
         <marc:subfield code="6">880-02</marc:subfield>
         <marc:subfield code="a">Ḥāshiyat Shaykhʹzādah ʻalá tafsīr al-Qāḍī al-Bayḍāwī</marc:subfield>
      </marc:datafield>
      <marc:datafield tag="245" ind1="1" ind2="0">
         <marc:subfield code="6">880-03</marc:subfield>
         <marc:subfield code="a">Hadhā al-juzʼ al-awwal[-al-thālith] min Ḥāshiyat Shaykhʹzādah ʻalá tafsīr al-Qāḍī al-Bayḍāwī</marc:subfield>
         <marc:subfield code="h">[microform]</marc:subfield>
      </marc:datafield>
      <marc:datafield tag="246" ind1="1" ind2="4">
         <marc:subfield code="a">Şehzade tevsiri.</marc:subfield>
      </marc:datafield>
      <marc:datafield tag="246" ind1="1" ind2="6">
         <marc:subfield code="6">880-04</marc:subfield>
         <marc:subfield code="a">Ḥāshīyat Shaykhʹzādah ʻalá tafsīr al-qāḍī al-Bayḍāwī</marc:subfield>
      </marc:datafield>
      <marc:datafield tag="260" ind1=" " ind2=" ">
         <marc:subfield code="6">880-05</marc:subfield>
         <marc:subfield code="a">Istanbul :</marc:subfield>
         <marc:subfield code="b">al-Maṭbaʻah al-ʻUthmānīyah,</marc:subfield>
         <marc:subfield code="c">1306 [1888 or 1889].</marc:subfield>
      </marc:datafield>
      <marc:datafield tag="300" ind1=" " ind2=" ">
         <marc:subfield code="a">3 v. ;</marc:subfield>
         <marc:subfield code="c">36 cm.</marc:subfield>
      </marc:datafield>
      <marc:datafield tag="533" ind1=" " ind2=" ">
         <marc:subfield code="a">Microfilm.</marc:subfield>
         <marc:subfield code="b">Bethlehem, PA :</marc:subfield>
         <marc:subfield code="c">Mid-Atlantic Preservation Service,</marc:subfield>
         <marc:subfield code="d">1995.</marc:subfield>
         <marc:subfield code="e">1 microfilm reel ; 35 mm.</marc:subfield>
         <marc:subfield code="f">(Princeton University Arabic collection ; cn. 9403045.01. Phase II).</marc:subfield>
         <marc:subfield code="7">s1995    paun a</marc:subfield>
      </marc:datafield>
      <marc:datafield tag="590" ind1=" " ind2=" ">
         <marc:subfield code="a">Princeton Arabic Microfilming Project.</marc:subfield>
      </marc:datafield>
      <marc:datafield tag="600" ind1="1" ind2="0">
         <marc:subfield code="6">880-06</marc:subfield>
         <marc:subfield code="a">Bayḍāwī, ʻAbd Allāh ibn ʻUmar,</marc:subfield>
         <marc:subfield code="d">-1286?</marc:subfield>
         <marc:subfield code="t">Anwār al-tanzīl wa-asrār al-taʼwīl.</marc:subfield>
      </marc:datafield>
      <marc:datafield tag="650" ind1=" " ind2="0">
         <marc:subfield code="a">Koran</marc:subfield>
         <marc:subfield code="x">Commentaries.</marc:subfield>
      </marc:datafield>
      <marc:datafield tag="830" ind1=" " ind2="0">
         <marc:subfield code="a">Princeton University Arabic collection ;</marc:subfield>
         <marc:subfield code="v">cn. 9403045.01.</marc:subfield>
      </marc:datafield>
      <marc:datafield tag="830" ind1=" " ind2="0">
         <marc:subfield code="a">Princeton University Arabic collection.</marc:subfield>
         <marc:subfield code="p">Phase II.</marc:subfield>
      </marc:datafield>
      <marc:datafield tag="880" ind1="1" ind2=" ">
         <marc:subfield code="6">100-01/r</marc:subfield>
         <marc:subfield code="a">شيخزادة، محمد بن مصطفى،</marc:subfield>
         <marc:subfield code="d">-1544 or 1545.</marc:subfield>
      </marc:datafield>
      <marc:datafield tag="880" ind1="1" ind2="0">
         <marc:subfield code="6">240-02/r</marc:subfield>
         <marc:subfield code="a">حاشية شيخزادة على تفسير القاضي البيضاوي</marc:subfield>
      </marc:datafield>
      <marc:datafield tag="880" ind1="1" ind2="0">
         <marc:subfield code="6">245-03/r</marc:subfield>
         <marc:subfield code="a">هذا الجزء الاول[الثالث] من حاشية شيخزادة على تفسير القاضي البيضاوي</marc:subfield>
         <marc:subfield code="h">[microform]</marc:subfield>
      </marc:datafield>
      <marc:datafield tag="880" ind1="1" ind2="6">
         <marc:subfield code="6">246-04/r</marc:subfield>
         <marc:subfield code="a">حاشية شيخزادة على تفسير القاضي البيضاوي</marc:subfield>
      </marc:datafield>
      <marc:datafield tag="880" ind1=" " ind2=" ">
         <marc:subfield code="6">260-05/r</marc:subfield>
         <marc:subfield code="a">Istanbul :</marc:subfield>
         <marc:subfield code="b">المطبعة العثمانية،</marc:subfield>
         <marc:subfield code="c">1306 [1888 or 1889].</marc:subfield>
      </marc:datafield>
      <marc:datafield tag="880" ind1="1" ind2="4">
         <marc:subfield code="6">600-06/r</marc:subfield>
         <marc:subfield code="a">بيضاوي، عبد الله بن عمر،</marc:subfield>
         <marc:subfield code="d">-1286?</marc:subfield>
         <marc:subfield code="t">انوار التنزيل واسرار التأويل.</marc:subfield>
      </marc:datafield>
      <marc:datafield tag="852" ind1="0" ind2=" ">
         <marc:subfield code="b">nec</marc:subfield>
         <marc:subfield code="h">BP130.4.B33</marc:subfield>
         <marc:subfield code="i">S539 1888q</marc:subfield>
         <marc:subfield code="p">1092173</marc:subfield>
         <marc:subfield code="x">reclassed from: 2273.5863.92q</marc:subfield>
      </marc:datafield>
      <marc:datafield tag="998" ind1=" " ind2=" ">
         <marc:subfield code="a">02/08/95</marc:subfield>
         <marc:subfield code="s">9124</marc:subfield>
         <marc:subfield code="n">NjP</marc:subfield>
         <marc:subfield code="w">NJPG95B9344</marc:subfield>
         <marc:subfield code="d">02/07/95</marc:subfield>
         <marc:subfield code="c">NHD</marc:subfield>
         <marc:subfield code="b">NIE</marc:subfield>
         <marc:subfield code="i">950208</marc:subfield>
         <marc:subfield code="l">NJPG</marc:subfield>
      </marc:datafield>
      <marc:datafield tag="948" ind1=" " ind2=" ">
         <marc:subfield code="a">CON AACR2 bw set 01</marc:subfield>
      </marc:datafield>
      <marc:datafield tag="911" ind1=" " ind2=" ">
         <marc:subfield code="a">19950217</marc:subfield>
      </marc:datafield>
      <marc:datafield tag="912" ind1=" " ind2=" ">
         <marc:subfield code="a">19961216034848.0</marc:subfield>
      </marc:datafield>
      <marc:datafield tag="994" ind1=" " ind2=" ">
         <marc:subfield code="a">C0</marc:subfield>
         <marc:subfield code="b">PUL</marc:subfield>
      </marc:datafield>
      <marc:datafield tag="999" ind1=" " ind2=" ">
         <marc:subfield code="a">950097</marc:subfield>
      </marc:datafield>
   </marc:record>
</marc:collection>
